3458 5264
648 369 912 409 assium-sonorus.
1291 353 1353 416 373

204 542 372 687 711190401ἑί1
389 542 592 617 Ferrarieusis,
617 542 774 603 Sermones
797 543 833 601 de
856 549 988 620 tempore
1012 549 1040 602 et
1058 542 1094 602 de
1111 541 1227 602 sanetis.
1263 543 1352 602 1488.

187 713 298 774 Biblia
319 713 417 774 latina.
466 714 556 774 1487.
603 714 675 774 497.

206 799 296 860 Biblia
317 799 414 861 latina.
462 800 552 860 1491.
598 801 669 858 501.

206 884 278 945 Cato
312 885 522 946 moralissimus
554 904 622 945 cum
655 892 823 946 commento
857 884 930 946 Bob.
962 886 998 945 de
1026 883 1214 945 Euromodio.
1265 884 1353 942 1488.

206 971 383 1134 *Mbigarita
406 1056 609 1116 Decretalium.
654 1055 683 1117 S.
708 1059 758 1117 a*
806 1057 895 1116 1651.

204 1418 270 1478 lob.
294 1416 460 1490 Cassianus,
484 1416 527 1476 De
550 1416 684 1476 institutis
707 1415 926 1476 coenobiorum.
974 1416 1063 1476 1485.
1111 1417 1182 1476 710.

205 1502 363 1580 Gregorius
386 1503 521 1580 Magnus,
545 1502 756 1562 Commeatum
777 1521 867 1580 super
889 1501 1001 1563 cantica
1023 1501 1213 1562 cantieorum.
1263 1503 1352 1562 1496.

205 1588 362 1750 Grdfiiogrius
395 1674 534 1751 Magnus,
584 1672 733 1734 Pastorale
777 1673 836 1732 sive
879 1671 991 1749 Regula
1035 1672 1196 1749 pastoralis.
1263 1672 1352 1732 1496.

204 1759 342 1907 uiridi}
354 1843 542 1921 Hispalensis,
566 1843 817 1920 Etymologiarum
839 1843 902 1903 libri
924 1843 987 1904 XX.
1038 1843 1125 1904 1489.
1175 1843 1266 1904 1403.

205 1931 315 1991 *lason
338 1931 375 1990 de
396 1930 516 2006 Mayno,
548 1929 648 1990 Oratio
671 1929 699 1988 in
722 1929 940 1990 matrimonium
962 1928 1149 1989 Maximiliani
1172 1937 1226 1990 ete.
1272 1929 1301 1997 S,
1327 1949 1353 1990 a.

203 2015 571 2176 lotidbdeibiiiiceitddd's,
596 2099 818 2161 Concordantiae
835 2099 995 2160 Bibliorum
1013 2107 1042 2158 et
1060 2099 1223 2161 Canonum.
1263 2101 1351 2160 1489.

205 2187 506 2356 (1011311110111110),
531 2227 739 2333 vocabularius
761 2272 947 2348 breviloquus
969 2283 1023 2331 ete.
1072 2271 1162 2331 1481.
1209 2271 1301 2331 9089.

204 2359 320 2419 *Biblia
343 2359 439 2432 latina,
462 2379 488 2418 e.
505 2359 616 2436 “glossa
662 2357 691 2418 S.
716 2378 742 2418 a.
766 2362 804 2433 (e.
832 2359 934 2432 1480).
980 2358 1051 2417 519.

204 2446 362 2506 Sermones
385 2445 485 2505 Dormi
508 2463 620 2519 secure,
644 2445 680 2504 de
703 2450 835 2521 tempore
858 2451 886 2504 et
909 2443 945 2503 de
968 2443 1082 2503 sanetis
1123 2443 1212 2504 1489.
1259 2443 1350 2502 9993.

672 2730 888 2796 ΒΟΝΟΝΙΑ.

567 2887 791 2940 sanabimus
812 2887 993 2938 uecrmns.

204 3028 357 3109 ApuleiuS,
397 3027 504 3088 Asinus
538 3045 658 3099 aureus,
693 3043 761 3085 oum
794 3024 846 3084 Ph.
878 3025 1011 3086 Beroaldi
1045 3034 1202 3086 comment.
1259 3027 1349 3085 1500.

204 3201 276 3262 Phil.
300 3200 476 3274 Beroaldus,
510 3197 688 3258 Declamatio
722 3215 759 3256 an
788 3205 887 3258 orator
914 3196 950 3256 sit
978 3195 1151 3273 philosopho
1182 3203 1211 3256 et
1238 3196 1351 3256 medico

246 3287 476 3364 anteponendus.
526 3285 615 3344 1497.
661 3283 732 3344 467.

203 3371 276 3433 Phil.
293 3372 463 3446 Beroaldus,
486 3367 664 3430 Declamatio
688 3369 802 3444 ebriosi,
826 3368 994 3428 scortatoris
1016 3376 1045 3427 et
1067 3367 1211 3428 aleatoris.
1260 3366 1349 3427 1499.

204 3544 277 3605 Phil.
300 3543 469 3616 Beroaldus,
493 3541 536 3602 De
559 3539 692 3600 felicitate
715 3539 897 3617 opusculum.
946 3540 1035 3599 1499.
1082 3540 1152 3598 469.

204 3629 276 3692 Phil.
301 3629 472 3702 Beroaldus,
495 3626 683 3704 Heptalogus.
732 3626 821 3685 1498,
867 3626 939 3685 470.

203 3715 276 3776 Phil.
299 3714 469 3788 Beroaldus
494 3711 593 3774 Oratio
616 3710 845 3788 proverbiorum.
895 3710 984 3770 1499.
1030 3710 1102 3770 471.

204 3800 302 3862 *Phil
326 3799 495 3872 Beroaldus,
519 3796 673 3858 Orationes
695 3803 724 3856 et
746 3796 883 3856 carmina.
932 3796 1021 3856 1500.
1068 3795 1139 3855 473.

204 3885 393 3960 Censorinus,
418 3885 459 3944 Oe
482 3883 528 3943 die
551 3882 638 3942 natali
661 3889 714 3943 eto.
764 3883 853 3941 1497.
900 3882 970 3941 735.

203 3965 1098 4044 1011111111,1111111011001101,10110110011111010.
1131 3966 1220 4025 1497.
1259 3965 1349 4026 lesa.

203 4058 268 4118 lob.
291 4055 385 4130 Picus,
409 4055 577 4115 Mirandulae
600 4053 716 4127 Comes,
741 4052 846 4129 Opera.
881 4053 925 4125 (P.
949 4053 981 4126 l).
1030 4051 1119 4110 1496.
1168 4052 1258 4110 1950.

202 4144 267 4205 Joh.
291 4141 386 4215 Picus,
409 4140 577 4201 Miranduloe
599 4139 717 4213 Comes,
740 4138 845 4215 Opera.
879 4139 923 4211 (P.
947 4137 1045 4211 l-ll).
1095 4137 1184 4196 1496.
1234 4137 1323 4194 1951.

204 4227 374 4302 Suetonius,
414 4226 485 4288 llitoe
512 4225 561 4287 llll
589 4225 754 4298 Caesarum,
795 4243 820 4284 o.
854 4243 962 4284 comm.
991 4223 1045 4284 Ph.
1068 4221 1210 4283 Beroaldi.
1259 4222 1348 4284 1493.

203 4314 499 4472 71710111111001111111,
533 4395 698 4473 Elegiarum
720 4395 793 4456 liber
814 4397 851 4457 de
873 4394 1021 4456 amoribus
1044 4393 1182 4470 Chryseae
1204 4402 1234 4453 et
1255 4393 1349 4454 Philo·

247 4484 351 4563 chrysi.
400 4485 490 4546 1191.
535 4483 627 4544 uass.
