3442 5276
806 349 1051 388 tttsPttts-th’sta.

825 537 1036 601 HISPALIS.

508 674 726 726 notrannus
746 675 868 728 unoor
887 677 931 726 nr
949 675 1161 729 smursmos
1180 677 1351 730 romnus.

354 793 492 940 Aeffiqdius
515 795 660 856 Columna
682 816 706 857 s.
726 796 887 871 Romanus
910 799 1092 876 Regimiento
1111 800 1147 858 de
1165 800 1209 859 los
1225 799 1382 878 Principes.
1416 803 1504 860 1194.

648 1035 767 1085 PEDRO
787 1036 882 1086 BRUN
904 1037 948 1086 ET
964 1036 1056 1088 JUAN
1076 1037 1213 1088 GENTlL.

354 1154 508 1214 Fernando
532 1155 635 1228 Mexia,
659 1155 824 1216 Nobiliario.
874 1157 962 1218 1499.
1013 1157 1101 1219 1701.

832 1410 1019 1476 HOLMIA.

540 1615 541 1620 ,
666 1566 744 1616 JOH.
764 1566 869 1616 Ftssttt
889 1567 1049 1630 EJUSQUE
1068 1567 1187 1619 vtoUA.

354 1683 533 1744 Breviarium
556 1685 725 1763 Upsalense.
775 1688 863 1748 1496.
910 1689 980 1748 631.

826 1898 903 1948 JOll.
923 1897 1042 1947 SNELL.

355 2015 493 2092 Dialogus
516 2025 715 2077 ereaturarum
739 2017 846 2095 optime
869 2019 1062 2079 moralisatus
1113 2018 1201 2080 1483.
1248 2021 1319 2080 933.

816 2271 1050 2336 LAUGINGA.

354 2415 542 2492 Augustinus
566 2417 608 2476 De
631 2435 776 2476 consensu
799 2417 1049 2492 evangelistarum.
1099 2419 1189 2478 1173.
1237 2418 1307 2478 316.

857 2671 1008 2734 LIPSIA.

707 2808 897 2859 annotnos
917 2810 964 2858 nn
982 2809 1146 2860 cotortm.

353 2929 480 2988 Isidorus
505 2929 691 3007 Hispalensis,
717 2929 759 2988 De
782 2949 899 2989 summo
924 2930 1010 2989 bono.
1057 2930 1087 2990 S.
1111 2950 1136 2990 a.
1186 2931 1275 2992 1398.

355 3015 480 3074 Isidorus
503 3015 690 3092 Hispalensis
714 3015 757 3074 De
780 3035 896 3074 summo
919 3015 1006 3075 bono.
1057 3017 1146 3075 1t93.
1195 3018 1283 3076 1399.

352 3100 417 3160 tot.
442 3100 478 3159 de
500 3100 615 3177 Lepide,
640 3101 855 3161 Resolutorium
878 3101 1033 3160 dubiorum
1057 3101 1133 3160 eirca
1157 3102 1383 3161 celebrationem
1406 3101 1505 3160 missa·

398 3205 463 3244 rum
487 3186 711 3246 occurrentium.
757 3185 786 3247 S.
810 3207 836 3246 a.
886 3187 974 3246 1519.

352 3271 416 3330 toh.
441 3272 477 3330 de
500 3272 614 3348 Lapide,
639 3271 854 3332 Resolutorium
877 3271 1031 3331 dubiorum
1055 3271 1130 3332 cirea
1153 3272 1378 3332 celebrationem
1401 3271 1503 3331 missa·

395 3375 461 3415 rum
484 3357 706 3418 occurrentium.
752 3358 781 3418 S.
805 3378 831 3418 a.
881 3358 970 3418 1513.

353 3441 438 3502 Mioh.
463 3443 576 3515 Scotus,
600 3443 685 3502 Liber
706 3443 925 3520 physionomiae.
975 3443 1063 3504 1195.
1110 3442 1203 3504 9189.

353 3527 474 3600 Seneca,
499 3528 541 3586 De
564 3528 771 3604 quaestionibus
794 3527 972 3588 naturalibus
996 3548 1078 3605 opus
1126 3530 1155 3589 S.
1180 3549 1206 3589 a.
1252 3529 1344 3591 9198.

353 3613 494 3673 Pharetra
516 3613 583 3672 fidei
606 3613 766 3674 catholicae.
811 3615 841 3675 S.
866 3634 891 3673 a.
940 3615 1028 3674 1931.

354 3698 532 3774 *Speculum
557 3717 677 3759 aureum
696 3699 799 3759 animae
823 3698 998 3776 peccatricis
1041 3701 1164 3774 (Autore
1183 3699 1320 3776 Dionysio
1341 3701 1377 3760 de
1394 3699 1504 3759 Leewis

397 3783 466 3842 alias
489 3783 593 3858 uitet).
642 3786 732 3845 ttot.
778 3786 870 3846 9961.

353 3868 442 3928 Stella
464 3868 647 3930 clericorum.
695 3871 784 3930 ttot.
830 3872 923 3930 9987.

731 4080 835 4131 CONR.
855 4081 1123 4132 KACHELOFFEN.

352 4200 467 4259 Aeneas
490 4199 602 4275 Sylvius
625 4199 705 4273 (Pius
727 4201 772 4273 ll),
796 4200 922 4260 Historia
945 4201 980 4260 de
1004 4201 1118 4262 duobus
1141 4201 1315 4262 amantibus,
1347 4200 1377 4262 S.
1391 4221 1417 4262 a.
1453 4203 1503 4261 36.

351 4285 488 4345 Albertus
509 4285 641 4361 Magnus,
665 4285 707 4344 De
729 4286 848 4346 secretis
871 4287 1023 4346 mulierum
1048 4295 1076 4347 et
1098 4287 1235 4347 virorum.
1285 4288 1374 4348 1491.
1421 4289 1469 4347 76.

352 4371 565 4444 Bonaventura,
590 4370 632 4429 De
655 4371 785 4431 castitate
807 4372 1002 4432 sacerdotum.
1052 4373 1141 4433 1198.
1188 4373 1259 4432 567.

352 4455 442 4516 Henr.
465 4457 502 4516 de
524 4456 637 4530 Bassia,
662 4457 780 4517 Secreta
801 4459 995 4518 sacerdotum.
1045 4459 1134 4519 1197.
1183 4459 1272 4518 1917.
