3442 5276
777 362 857 402 ¹³⁰ss
1331 348 1393 413 423

531 532 706 583 LEONARD.
727 533 844 585 PFLUG
862 535 907 584 ET
926 535 955 585 G.
976 530 1102 586 LAUER.

240 654 505 799 *[ἓὲὸξοηίαηυε,
529 654 572 712 De
590 652 697 712 relictis
713 653 750 712 ad
768 653 829 731 pias
842 674 944 715 causas
957 664 1012 716 ete.
1042 656 1071 717 S.
1085 677 1110 716 a.
1125 659 1162 731 (o.
1179 658 1393 732 tttu-ttJ.*

572 889 850 956 LUPtlsssGALLUS.
870 894 936 945 NlC.
956 895 1067 946 WOLF.

239 1015 303 1074 ton.
327 1014 364 1073 de
387 1013 619 1086 Turreoremata,
643 1013 792 1090 Expositio
815 1034 879 1092 sup.
904 1022 965 1075 toto
989 1016 1139 1078 Psalterio.
1173 1016 1262 1079 1476.
1298 1018 1390 1078 2403.

645 1223 781 1275 PETRUS
801 1224 848 1274 DE
867 1225 986 1276 TURRl.

240 1348 305 1407 Ant.
329 1345 527 1416 Mancinellus,
551 1344 710 1421 Speculum
732 1346 768 1405 de
790 1345 920 1406 moribus
943 1355 997 1408 eto.
1047 1349 1136 1408 1499.
1186 1349 1274 1410 1633,

238 1434 424 1505 Ptolemaeus,
449 1429 681 1507 cosmographia
703 1431 824 1506 (latine).
874 1433 963 1494 1490.
1010 1433 1102 1494 2031.

659 1640 779 1692 STEPH.
800 1642 971 1694 PLANNCK.

239 1764 376 1823 *Aeneas
390 1762 503 1838 Sylvius
516 1762 597 1836 (Pius
609 1763 653 1837 ΙΙ),
676 1763 718 1822 De
737 1761 869 1839 captione
881 1761 960 1822 urbis
973 1762 1192 1840 constantinop.
1217 1763 1246 1823 S.
1261 1785 1286 1822 a.
1295 1769 1311 1801 *
1343 1765 1389 1824 ll.

238 1849 377 1908 *Aeneas
400 1848 513 1923 Sylvius
537 1847 616 1920 (Pius
639 1849 683 1922 ll),
708 1847 836 1924 Epistola
859 1849 895 1907 ad
918 1849 1126 1909 Mahumetem.
1167 1849 1197 1909 S.
1221 1853 1272 1908 a*
1318 1850 1366 1910 AO.

238 1935 375 1994 *Aeneas
398 1933 510 2009 Sylvius
534 1933 613 2007 (Pius
636 1934 680 2005 ΙΙ),
704 1933 832 2009 Epistola
854 1934 891 1993 de
913 1934 1037 1994 fortuna.
1087 1933 1117 1994 S.
1141 1938 1192 1994 a*
1237 1935 1287 1994 23.

238 2021 375 2080 *Aeneas
388 2019 500 2095 Sylvius
512 2018 592 2092 (Pius
604 2020 649 2093 ll),
673 2018 799 2078 Historia
817 2019 854 2078 de
866 2019 981 2079 duobus
993 2019 1166 2080 amantibus.
1196 2021 1309 2080 tlon*
1338 2021 1388 2081 38.

238 2105 404 2178 *Bartolus
429 2105 582 2166 l'raetatus
604 2104 800 2182 procuratoris
823 2104 917 2165 editus
936 2106 990 2165 sub
1008 2104 1126 2166 nomine
1146 2105 1261 2166 diaboli.
1295 2106 1325 2166 S.
1339 2109 1389 2166 a*

281 2193 352 2251 415.

238 2277 337 2338 *Guil
362 2276 493 2349 Caorsin,
517 2275 617 2335 Oratio
640 2275 678 2334 ad
700 2275 900 2335 lnnoeentium
922 2275 969 2337 ΧΙ.
1019 2277 1133 2336 1485.*
1177 2278 1249 2336 690.

238 2364 346 2439 *Hugo
369 2362 405 2420 de
428 2361 458 2422 S.
482 2362 568 2434 Caro,
592 2360 741 2438 Expositio
764 2360 869 2420 missae.
914 2361 943 2422 S.
968 2364 1018 2422 a*
1066 2362 1155 2422 1353.

238 2449 380 2508 *tonde
399 2447 631 2519 Turreeremata,
657 2446 699 2504 De
717 2445 844 2506 efficacia
864 2466 946 2523 aquae
964 2447 1132 2507 benedictae.
1168 2446 1197 2508 S.
1211 2451 1261 2507 a*
1295 2449 1387 2509 2398.

237 2533 329 2594 *Ant
354 2533 470 2606 Lollius,
494 2531 594 2592 Oratio
617 2531 760 2610 passionis
782 2531 936 2592 dominicae
960 2541 1014 2594 ete.
1060 2532 1089 2593 S.
1114 2537 1165 2592 a*
1212 2534 1301 2593 1557.

238 2620 358 2679 *Barth
383 2619 481 2690 Scala,
512 2617 611 2678 Oratio
634 2619 670 2677 ad
694 2617 894 2678 Innocentium
917 2618 976 2678 Vlll
998 2618 1104 2678 habita.
1145 2618 1175 2678 S.
1199 2624 1249 2678 a*
1294 2620 1387 2680 2168.

237 2701 347 2764 *Bern
372 2705 518 2777 Silvester,
542 2703 670 2781 Epistola
692 2723 779 2780 super
802 2703 1012 2780 gubernatione
1035 2703 1075 2764 rei
1098 2703 1253 2766 familiaris.
1288 2704 1318 2764 S.
1336 2709 1387 2766 a*

237 2875 432 2934 *Timotheus
455 2875 491 2934 de
514 2873 605 2948 Totis,
630 2874 788 2934 Sermones
810 2874 879 2934 duo.
924 2873 953 2934 S.
979 2879 1053 2936 a.*?
1097 2875 1190 2935 2376.

237 2961 449 3021 Formularium
468 2967 691 3037 procuratorum
717 2968 745 3020 et
761 2961 970 3021 advocatorum
995 2960 1090 3020 Curia
1107 2961 1258 3021 Romanae.
1296 2962 1385 3021 1491.

236 3132 347 3192 *Taxae
370 3150 460 3192 saorae
484 3130 719 3208 poenitentiariae.
764 3129 794 3190 S.
819 3135 869 3190 a*
913 3131 1005 3192 2326.

557 3341 684 3393 UDALR.
704 3340 840 3392 GALLUS
859 3341 960 3391 ALlAS
980 3341 1061 3391 HAN.

235 3461 420 3534 Athanasius,
445 3463 651 3523 Enarrationes
673 3461 701 3520 in
724 3461 861 3538 epistolas
884 3461 913 3521 S.
927 3461 1007 3520 Pauli
1031 3460 1152 3535 (latine).
1188 3461 1277 3520 1477.
1313 3462 1384 3522 293.

236 3549 394 3622 *lustinus
419 3547 552 3625 Epitome
575 3547 760 3607 historiarum
784 3546 874 3622 Trogi
896 3545 1035 3624 Pompeji.
1081 3546 1110 3608 S.
1129 3567 1155 3608 a.
1181 3546 1384 3622 (ltro-71).

236 3636 371 3793 milvii}
385 3718 519 3779 Historia
542 3719 683 3778 Romanae
705 3718 792 3777 decas
815 3717 848 3776 lll
872 3720 897 3777 tc
918 3715 963 3777 IV.
998 3715 1028 3778 S.
1046 3736 1072 3778 a.
1097 3719 1135 3790 (o.
1152 3718 1254 3792 1470).
1294 3719 1384 3778 1546.

235 3804 445 3880 *Plutarchum
474 3804 544 3864 Vitae
566 3804 718 3864 illustrium
741 3803 880 3864 virorum.
925 3802 987 3863 Vol.
1010 3803 1042 3864 ll.
1087 3803 1117 3863 S.
1141 3823 1167 3863 a.
1192 3805 1230 3876 (o.
1258 3804 1385 3877 tarot*

235 3892 417 4038 *Riiiii'cus
446 3975 562 4036 Santius
590 3977 626 4034 de
654 3974 792 4047 Arevalo,
830 3973 1044 4050 Compendiosa
1072 3973 1192 4033 historia
1225 3973 1383 4051 hispanica.

278 4063 307 4123 S.
331 4083 357 4122 a.
382 4063 419 4135 (o.
447 4062 550 4135 1470).
596 4061 687 4121 2093.

235 4148 384 4222 *Servius
409 4146 619 4207 Commentarii
640 4146 669 4206 in
692 4143 799 4222 Virgilii
821 4163 919 4222 opere.
965 4144 994 4205 S.
1018 4165 1043 4205 a.
1090 4145 1182 4204 ΜΕ).

419 4351 548 4403 UDALR.
567 4351 704 4402 GALLUS
723 4350 767 4401 ET
786 4349 853 4400 sut.
873 4348 1016 4400 NICOLAl
1036 4350 1083 4399 DE
1103 4348 1203 4399 LUCA.

236 4471 423 4549 Augustinus
448 4472 489 4531 Oe
513 4471 625 4531 civitate
648 4470 709 4531 Dei.
758 4470 847 4531 1474.
893 4471 964 4529 304.
