3442 5276
322 309 385 375 456
613 327 688 365 arsin
703 326 764 364 sius
779 325 849 364 sora
862 325 1033 364 medensem
1047 325 1082 364 cr
1096 325 1182 364 uncis.

323 499 478 573 Lucianus,
501 499 620 558 Charon
644 497 765 573 (latins).
810 496 840 559 S.
865 517 890 558 a.
939 497 1029 558 1579.

323 585 478 659 Lucienus,
500 583 618 644 Charon
642 583 764 658 (latine).
810 583 839 644 S.
864 603 890 644 a.
941 583 1029 643 1580.

323 670 482 745 Lucienus,
511 670 649 746 Dialogus
671 670 820 746 quomodo
843 669 923 730 solus
946 669 1041 728 nudus
1063 688 1115 746 per
1137 667 1306 730 Acheronta
1328 669 1475 729 transvehi

366 764 462 834 potest
484 763 539 816 etc.
563 755 685 830 (latine).
730 754 759 815 S.
784 775 810 815 a.
834 757 912 832 (post
939 755 1061 830 1500?).
1111 755 1199 814 1583.

323 842 486 902 Ludovicus
502 840 663 915 lmolensis,
682 840 782 901 Oratio
799 840 836 900 ad
853 840 994 918 populum
1011 839 1236 901 Bononiensem.
1272 839 1301 900 S.
1315 859 1341 900 a.
1355 840 1475 914 (1494).

323 1014 391 1074 Ant.
415 1011 614 1084 Mancinellus‚
638 1009 732 1088 Spica.
778 1010 808 1072 S.
831 1031 858 1072 a.
881 1013 961 1084 (ante
988 1011 1090 1084 1490).
1138 1011 1227 1071 1634.

323 1099 562 1158 Mammotrectns
602 1115 689 1174 super
728 1096 849 1157 Bibliam
889 1099 1003 1174 (autore
1034 1096 1098 1157 loh.
1128 1097 1334 1170 Marchcsinol.
1389 1097 1419 1158 S.
1448 1118 1475 1158 a.

323 1271 389 1331 doh.
412 1270 449 1329 de
472 1267 652 1342 Mandaville,
676 1267 793 1344 Voyage
816 1272 834 1327 a
854 1267 1025 1328 Jerusalem.
1052 1267 1174 1343 (latine).
1220 1268 1249 1329 S.
1274 1288 1299 1329 a.
1349 1269 1438 1330 1638.

323 1357 387 1416 Joh.
411 1356 447 1415 de
469 1353 650 1427 Mandaville,
672 1353 789 1430 Voyage
812 1359 830 1412 1
851 1353 1011 1413 Jerusalem
1034 1353 1156 1429 (latine).
1203 1354 1233 1416 S.
1257 1374 1283 1415 a.
1332 1354 1420 1414 1639.

326 1441 413 1501 Marc.
437 1439 579 1514 Manilius,
601 1438 837 1500 Astronomicon.
883 1438 912 1500 S.
937 1459 963 1499 a.
1012 1440 1101 1500 1644.

325 1525 473 1600 Martialis,
497 1525 722 1603 Epigrammata.
768 1523 798 1586 S.
821 1545 848 1586 a.
897 1526 986 1586 1656.

325 1611 466 1672 Martinus
489 1611 652 1685 (Polonus),
676 1610 830 1687 Margarita
852 1609 969 1670 decreti.
1014 1611 1045 1671 S.
1068 1631 1094 1670 a.
1144 1611 1232 1671 1667.

325 1698 466 1757 Martinus
489 1697 652 1771 (Polonus),
675 1695 830 1773 Margarita
852 1696 970 1756 decreti.
1014 1696 1044 1756 S.
1068 1717 1094 1758 a.
1144 1698 1233 1757 1668.

326 1784 477 1844 Galeottns
500 1781 619 1842 Martius
641 1781 819 1857 Narniensis,
841 1781 926 1842 Liber
947 1782 984 1841 de
1006 1782 1134 1843 homine.
1180 1783 1209 1843 S.
1234 1803 1260 1842 a.
1309 1783 1398 1844 1101.

325 1868 506 1946 Pomponius
528 1868 612 1941 Mela,
635 1866 875 1946 Cosmographia.
921 1867 950 1929 S.
974 1888 1000 1928 a.
1049 1869 1139 1929 1686.

325 1952 505 2032 Pomponius
527 1953 612 2027 Mela,
637 1952 876 2032 Cosmographia.
921 1953 951 2014 S.
975 1973 1001 2015 a.
1026 1957 1063 2028 (c.
1091 1955 1193 2028 1474).
1243 1953 1332 2014 1688.

325 2041 391 2100 Joh.
414 2039 533 2112 Melber,
557 2037 765 2099 Vocabularius
788 2039 1016 2117 praedicantium.
1062 2039 1091 2100 S.
1116 2060 1141 2101 a.
1191 2040 1280 2099 loca.

326 2125 411 2185 Mich.
436 2123 549 2198 Scotus,
573 2124 659 2184 Liber
681 2124 899 2202 physionomiae.
945 2125 974 2186 S.
997 2145 1024 2186 a.
1071 2127 1163 2186 atre.

326 2211 410 2272 Mich.
435 2211 549 2283 Scelus
572 2210 656 2271 Liber
678 2209 896 2288 physionomiae.
943 2210 972 2272 S.
996 2230 1022 2271 a.
1068 2211 1160 2272 9180.

326 2296 411 2357 Mich.
435 2297 549 2370 Scotus,
572 2296 656 2356 Liber
678 2294 896 2373 physionomioe.
942 2296 971 2358 S.
995 2317 1021 2356 a.
1066 2297 1158 2356 atat.

326 2383 386 2443 Ulr.
410 2382 524 2442 Molitor
547 2381 725 2457 (Molitoris),
760 2381 802 2441 De
832 2381 926 2442 lamiis
948 2390 977 2443 et
998 2381 1151 2460 phitoniois
1174 2381 1352 2443 mulieribus.
1398 2383 1427 2444 S.
1451 2403 1477 2443 a.

369 2469 448 2544 (post
474 2468 576 2542 1489).
625 2467 714 2527 1739.

328 2552 386 2613 Uir.
410 2551 525 2613 Molitor
547 2552 726 2627 (Molitoris),
760 2552 803 2614 De
829 2552 924 2613 lamiis
947 2560 975 2613 et
997 2551 1150 2630 phitonicis
1172 2552 1351 2613 mulieribus.
1398 2553 1427 2614 S.
1452 2573 1479 2615 a.

373 2641 452 2716 (post
477 2638 578 2712 1489).
627 2638 717 2698 1740.

327 2725 388 2786 Ulr.
412 2722 527 2783 Molitor
550 2722 729 2798 (Molitoris),
763 2723 806 2783 Dc
834 2723 927 2783 lamiis
951 2731 979 2784 et
1000 2723 1154 2801 phitonicis
1175 2722 1355 2784 mulieribus.
1401 2724 1431 2783 S.
1453 2745 1481 2784 a.

374 2811 453 2886 (post
479 2809 581 2883 1489).
629 2808 719 2869 1741.

328 2895 387 2955 Ulr.
411 2893 526 2953 Molitor
548 2893 727 2968 (Molitoris)‚
761 2894 804 2954 De
836 2893 929 2954 lamiis
951 2902 980 2955 et
1002 2893 1154 2972 phitonicis
1176 2894 1354 2955 mulieribus,
1401 2895 1430 2955 S.
1454 2915 1480 2955 a.

372 2981 451 3057 (post
477 2979 578 3054 1489).
627 2980 717 3039 trra.

328 3064 733 3140 Joh.lt01itor(tttolit0rts),
769 3065 882 3126 Tabula
909 3084 997 3143 super
1025 3064 1164 3125 Antonini
1191 3065 1355 3126 Summam.
1401 3067 1430 3127 S.
1454 3087 1480 3127 a.

330 3237 428 3296 Barth.
451 3235 656 3311 Montagnana‚
680 3235 808 3296 Consilia
830 3235 953 3297 medica.
999 3236 1028 3297 S.
1052 3257 1078 3297 a
1127 3236 1217 3296 1749.

330 3321 451 3382 Allonso
474 3320 542 3381 Diaz
564 3322 601 3382 de
623 3321 784 3394 Montaivo,
808 3321 1014 3399 Repertorium
1035 3342 1123 3400 super
1146 3321 1282 3382 abbatem
1305 3322 1482 3383 Panormita-

373 3425 454 3467 num.
500 3406 530 3467 S.
553 3409 642 3482 att).
691 3407 781 3467 1753.

331 3492 467 3552 Nicotaus
484 3492 521 3551 de
539 3490 625 3565 Gusa,
650 3491 827 3569 Coniectura
847 3495 884 3553 de
907 3492 1015 3553 ultimis
1037 3493 1139 3553 diebus
1161 3493 1271 3554 mundi.
1306 3492 1335 3554 S.
1349 3513 1374 3552 a.
1410 3495 1481 3554 889.

331 3578 393 3638 Nic.
417 3579 453 3637 de
481 3577 570 3654 Lyra,
604 3577 722 3638 Postilla
749 3597 838 3656 super
871 3597 975 3638 omnes
1003 3577 1108 3639 veteris
1141 3587 1169 3638 ct
1203 3579 1270 3638 novi
1303 3578 1483 3639 Testamenti

374 3663 472 3724 libros
518 3662 562 3737 (P.
586 3663 629 3737 1.).
675 3662 704 3723 S.
729 3683 755 3724 a.
806 3664 892 3724 1597.

333 3748 397 3809 Joh.
421 3747 519 3822 Nider,
543 3747 771 3825 Praeceptorium
793 3749 864 3826 legis
887 3771 910 3811 s.
934 3749 1083 3827 Expositio
1106 3749 1244 3825 decalogi.
1279 3747 1308 3809 S.
1322 3770 1347 3810 a.
1394 3750 1482 3811 1780.

333 3834 398 3894 lah.
421 3833 524 3907 Nider,
559 3833 717 3894 Sermones
747 3834 833 3895 totius
863 3836 930 3894 anni
958 3837 995 3896 de
1022 3843 1154 3912 tempore
1177 3843 1206 3895 et
1228 3835 1264 3895 de
1286 3834 1394 3895 sanctis
1416 3853 1483 3896 cum

378 3919 628 3996 quadragesimali.
675 3918 703 3979 S.
728 3939 753 3980 a.
778 3923 857 3993 (ante
884 3921 985 3995 1480).
1035 3920 1124 3980 1786.

335 4006 437 4065 Frena.
461 4004 559 4081 Niger,
583 4005 687 4065 Modus
709 4005 889 4081 epistolandi.
937 4007 1026 4068 1496.
1076 4006 1165 4065 1790.

335 4090 509 4150 Octavianus
532 4092 568 4150 de
591 4090 730 4166 Martinis,
754 4091 797 4151 De
819 4090 876 4151 vita
898 4100 926 4152 et
947 4092 1092 4152 miraculis
1116 4091 1145 4152 S.
1161 4092 1380 4153 Bcnaventurae.
1415 4091 1445 4152 S.
1458 4112 1485 4151 a.

377 4178 455 4253 (post
481 4177 584 4251 1487).
633 4177 720 4237 1666.

335 4261 410 4321 Guil.
433 4261 583 4335 Paraldus,
607 4260 730 4322 Summa
752 4263 788 4322 de
812 4261 963 4323 virtutibus
985 4272 1014 4324 et
1035 4259 1118 4323 vitiis.
1164 4263 1194 4325 S.
1217 4284 1244 4324 a.
1292 4265 1382 4324 1869.

338 4348 469 4422 Paratus,
493 4347 652 4408 Sermones
675 4349 711 4408 de
734 4357 866 4426 ternpore
889 4356 917 4408 ct
939 4349 976 4409 de
998 4349 1113 4408 sanctis.
1159 4349 1189 4410 S.
1213 4369 1239 4409 a.
1287 4350 1377 4410 1871.

338 4433 496 4507 PelbartuS,
520 4433 679 4494 Sermones
702 4433 836 4493 Pomerii.
881 4433 910 4494 S.
935 4454 960 4494 a.
984 4434 1123 4508 (14897).
1172 4434 1262 4494 1890.
