3442 5276
355 307 418 372 408
862 320 1007 362 sosoma

356 496 445 557 *soh
468 495 669 569 Trittenheim,
694 493 817 555 Collatio
840 495 877 553 de
900 493 1048 571 republica
1070 492 1209 553 ecclesia.
1244 493 1320 554 Sa.
1344 493 1508 564 (1493?).*

355 583 651 740 Joli3Tiittenbeim,
675 666 718 726 De
740 663 843 743 triplici
866 663 984 741 regione
1008 663 1214 725 claustralium.
1259 665 1348 724 1498.
1393 663 1485 722 7397.

356 753 466 814 *eloh
490 751 699 825 Trittenheim,
722 750 863 811 lustitutio
887 749 950 809 vitae
974 749 1172 811 sacerdotalis.
1218 749 1248 810 S.
1271 769 1297 811 a.
1321 750 1507 823 (14947).*?

356 839 512 986 *Tibiciis
539 925 575 983 de
602 921 733 1000 Aquino,
769 921 812 980 De
840 919 998 997 quidditate
1027 929 1056 980 et
1084 919 1213 981 efficacia
1240 921 1420 982 eucharistia
1452 928 1505 982 etc.

488 1014 504 1047 ᾳ

357 1010 510 1242 *TEr'oriias
537 1009 733 1240 dieZZAquino,
767 1093 810 1152 De
844 1091 1002 1168 quidditate
1032 1101 1060 1152 et
1088 1091 1216 1152 efficacia
1244 1091 1424 1153 eucharistia
1452 1100 1507 1153 etc.

423 1185 504 1242 .a.*
613 1228 620 1241 .

624 1436 723 1486 PETR.
743 1433 952 1486 SCHOEFFER
970 1434 1017 1484 DE
1035 1433 1238 1485 GERNSHEM.

357 1573 548 1651 Augustinus,
572 1574 616 1633 De
639 1572 752 1633 civitate
773 1571 835 1632 Dei.
884 1572 972 1632 1473.
1018 1573 1089 1633 308.

356 1660 588 1720 Bartholomaeus
606 1661 642 1718 de
655 1656 793 1732 Chaimis,
814 1657 1072 1735 lnterrogatorium
1090 1677 1142 1718 seu
1162 1657 1381 1719 confessionale.
1421 1659 1509 1719 1478.

359 1831 388 1891 S.
412 1831 590 1904 Bernardus,
613 1831 781 1890 Sermones.
830 1829 919 1890 1475.
966 1829 1037 1890 454.

358 1916 495 1978 Clemens
518 1915 557 1990 7,
587 1915 830 1988 constitutiones,
859 1934 919 1974 una
941 1933 966 1976 c.
989 1921 1129 1992 apparatu
1150 1915 1214 1976 lob.
1238 1914 1372 1976 Andreae.
1421 1917 1511 1976 1467.

358 2087 517 2165 Gregorius
539 2087 587 2162 lX,
610 2086 806 2147 Decretalium
828 2085 892 2145 libri
915 2085 948 2160 V,
971 2105 1038 2146 cum
1061 2087 1166 2162 glossa.
1216 2088 1305 2148 1473.
1355 2087 1444 2148 1706.

357 2173 577 2251 Henr.Herp1,
612 2172 770 2250 Speculum
798 2191 920 2232 aureum
949 2173 1052 2232 decem
1080 2179 1293 2250 preceptorum
1314 2172 1376 2233 Dei.
1422 2173 1511 2233 1474.

359 2345 571 2420 Hieronymus,
607 2343 694 2421 episc.
718 2341 855 2416 Stridon,
878 2343 1014 2420 Epistolae
1037 2349 1065 2402 et
1087 2350 1235 2405 tractatus.
1285 2345 1374 2406 1470.
1422 2345 1511 2404 1785.

359 2430 573 2505 Hieronymus,
604 2428 691 2506 episc.
716 2427 852 2502 Stridon,
876 2428 1012 2506 Epistolae
1035 2435 1064 2488 et
1086 2435 1233 2489 tractatus.
1283 2430 1373 2491 1470.
1423 2432 1512 2491 1786.

360 2517 424 2576 Joh.
448 2516 484 2575 de
507 2515 740 2588 Turrecremata,
764 2515 913 2591 Exposilio
935 2533 999 2592 sup.
1024 2521 1084 2573 toto
1107 2514 1256 2575 Psalterio.
1295 2517 1384 2576 1474.
1420 2516 1512 2577 7407.

359 2601 425 2662 Joh.
449 2602 486 2660 de
508 2601 740 2672 Turrecremata,
764 2599 913 2676 Expositio
935 2619 998 2678 sup.
1022 2607 1084 2660 toto
1106 2599 1255 2661 Psalterio.
1296 2602 1384 2662 1476.
1419 2602 1511 2662 7404.

359 2685 546 2760 Justinianus,
571 2686 673 2747 Codex
696 2686 776 2760 (libb.
800 2685 859 2763 lX).
910 2687 998 2746 1475.
1046 2685 1136 2747 1463.

360 2771 547 2845 iustinianuS,
571 2771 776 2832 Institutiones.
825 2773 915 2832 1468.
964 2773 1054 2831 1448.

359 2858 547 2930 iustinianus,
571 2856 776 2918 Institutiones
826 2856 914 2917 1477.
964 2858 1053 2918 1449.

361 2944 488 3003 *Petrus
510 2943 663 3017 Aureolus,
688 2943 841 3003 Tractatus
863 2943 899 3002 de
922 2943 1115 3020 conceptione
1138 2942 1245 3003 blariae.
1291 2943 1321 3004 S.
1345 2945 1396 3004 a*
1442 2945 1513 3005 347.

362 3029 516 3089 *Thomas
539 3030 576 3088 de
598 3029 724 3106 Aquino,
747 3027 878 3088 Summae
900 3047 969 3106 para
992 3028 1095 3106 prima.
1130 3028 1160 3089 S.
1185 3049 1211 3089 a.
1236 3030 1418 3104 (c.1467).*
1449 3029 1512 3091 Vel:

405 3113 545 3189 Coloniae,
568 3113 655 3176 Ulrio.
679 3114 748 3175 Zell.
795 3115 866 3174 775.
1495 3136 1496 3139 ¹

362 3200 492 3260 Thomas
516 3201 552 3260 de
574 3199 704 3276 Aquino,
734 3199 871 3273 Summa,
906 3199 995 3276 partis
1023 3201 1159 3260 secundae
1182 3199 1276 3277 prima
1299 3218 1375 3276 pars.
1424 3201 1513 3261 1471.

362 3371 492 3431 Thomas
515 3372 551 3430 de
573 3369 698 3447 Aquino,
723 3370 855 3445 Summa,
883 3371 972 3448 partis
995 3372 1132 3431 secunda
1155 3389 1221 3448 pars
1244 3370 1380 3431 secunda.
1424 3372 1513 3432 1467.

363 3541 516 3602 *Thomas
539 3542 575 3602 de
597 3540 728 3618 Aquino,
763 3541 886 3602 Summa
914 3543 950 3602 de
979 3541 1105 3602 articulis
1129 3541 1195 3601 fidei
1218 3551 1247 3602 et
1269 3541 1399 3602 ecclesiae
1421 3561 1515 3602 sacra·

406 3627 522 3689 mentis.
568 3626 597 3687 S.
623 3647 648 3688 a.
673 3629 860 3702 (1475?).*?
905 3628 976 3688 773.

363 3714 495 3773 Thomas
518 3713 555 3772 de
576 3713 701 3789 Aquino,
726 3713 820 3792 Super
842 3722 945 3790 quarto
968 3713 1187 3774 sententiarum.
1237 3715 1326 3774 1469.
1373 3713 1444 3774 731.

364 3799 495 3859 Valerius
518 3799 671 3872 Maximus,
695 3799 778 3859 Dicta
800 3799 934 3876 laetaque
957 3799 1166 3860 memorabilia.
1215 3800 1304 3859 1471.
1350 3799 1442 3858 7477.

364 3885 512 3945 Chronica
534 3883 687 3944 Saxonum
709 3885 910 3960 (germanice).
959 3885 1047 3946 1497.
1096 3886 1165 3946 746.

364 3971 532 4030 Deoisiones
561 3969 686 4046 antiquae
715 3978 744 4030 et
772 3989 854 4030 novae
882 3970 966 4031 norae
996 3970 1152 4045 Romanae,
1187 3991 1205 4029 a
1238 3969 1322 4030 variis
1350 3969 1517 4030 auctoribus

407 4057 535 4116 collectae
558 4065 587 4116 et
608 4055 701 4116 editae.
750 4057 840 4117 1477.
886 4057 957 4116 919.

365 4142 532 4203 Herbarius.
581 4142 694 4201 1484*
742 4142 831 4202 1756.

365 4435 430 4494 Joh.
455 4433 658 4510 Lichtenberg,
682 4432 911 4508 Prognosticatio
936 4433 1054 4506 (1488).
1104 4433 1193 4493 1497.
1242 4433 1331 4492 1547.
