3442 5276
340 339 403 404 454
633 357 706 396 unat
721 355 782 396 suut
796 356 865 394 NOTA
879 355 1051 394 senoensem
1064 355 1099 394 ET
1112 355 1197 396 uanis,

341 529 548 590 Constantinus
586 530 760 606 Imperator,
801 528 929 607 Epistola
967 527 1089 606 qualiter
1128 527 1286 588 Ecclesiam
1326 528 1493 588 Romanam

383 615 499 676 dotavit.
545 613 575 675 S.
599 635 625 674 a.
671 615 741 675 856.

341 702 479 778 Cyrillus,
513 699 606 777 Episc.
631 699 789 775 Hierosol,
824 699 982 778 Speculum
1010 698 1158 777 sapientiae
1188 698 1247 760 sive
1275 697 1493 776 Apologeticus.

384 787 414 846 S.
437 807 463 847 a.
488 789 525 858 (c.
553 787 741 860 teto-80).
787 787 858 847 897.

342 871 443 933 Daniel
466 872 622 949 Propheta,
646 871 897 949 lnterpretationes
919 871 1110 931 somniorum.
1156 869 1185 930 S.
1209 889 1235 930 a.
1281 871 1353 930 901.

341 957 521 1035 Augustinus
544 958 645 1030 Datus,
669 957 833 1034 Elegantia.
879 959 910 1018 S.
934 977 959 1017 a.
1005 957 1076 1017 913.

342 1043 458 1104 Domin.
481 1044 517 1102 de
541 1042 690 1120 Carpanis,
713 1042 842 1120 Epistola
863 1042 900 1102 de
922 1041 1076 1103 nutrienda
1099 1041 1251 1102 memoria.
1286 1040 1316 1101 S.
1330 1061 1356 1100 a.
1374 1040 1494 1114 (1176).

342 1131 488 1274 auidius
510 1214 547 1272 ue
570 1167 886 1284 Bethanauraeeismt
907 1213 987 1273 noer.
1033 1213 1062 1273 s
1087 1233 1113 1274 a.
1159 1213 1230 1272 oon.

342 1299 484 1360 Eusebius
508 1298 729 1372 Cremonensis,
754 1298 882 1376 Epistola
905 1301 941 1359 ad
965 1299 1123 1359 Damasum
1147 1298 1184 1358 de
1207 1306 1302 1358 morte
1325 1297 1496 1374 Hieronymi

342 1384 703 1543 uaiiiruss'riini,⁰ii
720 1469 820 1548 inpius
843 1470 908 1531 vna.
955 1471 984 1531 s,
1010 1491 1035 1530 a.
1060 1472 1138 1547 (post
1164 1470 1267 1545 1489).
1318 1469 1407 1528 roos.

343 1557 442 1634 Steph.
466 1555 576 1646 Fliscus
599 1556 635 1615 de
657 1555 805 1630 Soncimo,
830 1556 988 1617 Varietates
1011 1555 1219 1616 sententiarum
1244 1554 1304 1615 sive
1321 1573 1494 1630 synonyma.

343 1641 709 1802 Friiciiuslitig'ctrte,
744 1726 887 1804 Repetitio
916 1747 939 1788 s.
968 1725 1177 1787 Commeatum
1205 1726 1275 1802 legis
1308 1725 1495 1787 admonendi.

342 1813 609 1975 Roiigtiaguirids‚
645 1898 688 1958 De
722 1897 845 1976 puritate
878 1897 1075 1976 conceptionis
1109 1899 1201 1958 beatae
1234 1897 1333 1958 Mariae
1368 1896 1494 1973 virginis

344 1983 467 2130 Gersriilis
486 1984 631 2145 Eniiigiiia's
656 2067 784 2140 Quaestio
807 2069 843 2129 de
867 2068 1086 2147 prolongatione
1109 2069 1207 2130 febris:
1251 2069 1280 2129 S.
1305 2089 1331 2128 a.
1382 2067 1471 2128 1166.

344 2154 501 2231 Gregorius
523 2155 655 2230 Magnus,
680 2153 827 2231 Expositio
850 2173 938 2232 super
960 2151 1151 2216 Ezechielem.
1201 2156 1290 2214 1196.
1340 2156 1428 2214 1190.

343 2241 409 2301 loh.
434 2239 558 2312 Gritsch,
582 2239 848 2316 Quadragesimale.
898 2241 988 2299 ttae.
1037 2241 1126 2300 1661.

345 2327 410 2386 Joh.
435 2325 559 2398 Gritsch,
583 2325 850 2402 Quadragesimala
900 2326 988 2385 1196.
1037 2326 1126 2386 1666.

344 2413 402 2470 Jos.
432 2411 619 2488 ‘Gruenpeclm
655 2410 807 2471 Tractatus
840 2413 877 2471 de
910 2410 1091 2488 pestilentiali
1123 2431 1223 2471 scorra
1255 2412 1315 2471 sive
1348 2413 1425 2470 mala
1458 2413 1495 2470 de

389 2497 525 2557 Francos
572 2495 601 2556 S.
626 2517 651 2556 a.
676 2499 754 2573 (post
781 2498 883 2572 1196).
932 2497 1021 2557 1663.

345 2582 438 2642 Guido
461 2584 497 2641 de
521 2581 674 2654 Columna,
698 2581 826 2641 Historia
848 2581 1051 2642 destructionis
1074 2581 1179 2643 Troiae.
1224 2581 1255 2643 S.
1279 2602 1305 2642 a.
1351 2583 1422 2642 831.

345 2668 438 2728 Guido
462 2669 498 2726 de
521 2667 619 2728 Monte
641 2667 762 2727 llochen
785 2687 809 2772 s.
833 2667 977 2742 Rotherii,
1006 2667 1169 2745 Manipulus
1192 2677 1370 2729 curatorum.
1415 2667 1444 2727 S.
1469 2687 1495 2727 a.

345 2753 498 2900 Guiddide
521 2839 619 2899 Monte
640 2837 778 2910 Rotherii,
803 2837 966 2915 Manipulus
989 2846 1166 2900 curatorum.
1212 2839 1242 2898 S.
1266 2859 1292 2899 a.
1342 2840 1433 2899 1665.

346 2924 516 2985 Guilielmus
538 2925 575 2983 de
598 2924 709 2997 Gouda,
734 2923 882 3001 Expositio
906 2924 1109 3000 mysteriorum
1133 2924 1242 2985 missae.
1278 2924 1307 2984 S.
1332 2945 1357 2985 a.
1408 2925 1497 2983 1166.

344 3011 410 3070 toh.
433 3009 567 3085 Henniglr
594 3011 630 3069 de
659 3009 784 3086 Haynis,
819 3010 923 3070 Sermo
951 3011 988 3070 ad
1016 3011 1138 3086 gloriam
1168 3010 1321 3070 dominicae
1346 3009 1497 3088 passionis.

346 3095 495 3241 Heiniade
517 3091 690 3254 iiiiiiclrem,
720 3178 931 3242 Conclusiones
960 3200 1047 3258 super
1075 3189 1199 3258 quatuor
1227 3181 1316 3242 libros
1345 3180 1498 3241 sententia·

346 3264 842 3425 Heiiin'desliai'sia,1iiiitarutus
865 3353 902 3410 de
925 3359 986 3411 arte
1008 3351 1191 3428 praedicandi.
1235 3352 1265 3411 S.
1290 3372 1316 3412 a.
1365 3353 1454 3412 1650.

346 3437 447 3497 Μαῑὼ.
471 3436 605 3510 Herben,
635 3437 806 3496 Formulare
828 3437 1039 3513 grammatica,
1064 3440 1106 3510 (o:
1131 3438 1173 3497 De
1196 3439 1410 3498 constructione
1433 3439 1499 3498 sub-

390 3522 580 3582 stantivorum
602 3530 657 3582 etc.
681 3541 705 3582 c.
725 3521 839 3598 glossis,
857 3522 954 3599 lingue
972 3543 1063 3599 germ.
1083 3522 1150 3583 dial.
1169 3523 1277 3584 Saxon.
1297 3524 1401 3597 inter.)
1437 3524 1466 3584 S.
1479 3525 1498 3584 l.

346 3607 537 3754 dcliii-idion
559 3691 642 3768 (alias
664 3692 848 3770 Discipulus).
883 3692 968 3752 Liber
990 3695 1026 3754 de
1049 3693 1209 3755 eruditione
1233 3693 1339 3754 Christi
1361 3695 1498 3756 fidelium.

347 3779 420 3924 10118.Ι
435 3779 758 3941 tinnitiitiisctpuus),
783 3863 950 3923 Sermones.
996 3863 1016 3924 S
1049 3865 1067 3924 l.
1116 3865 1205 3926 1665.

348 3950 551 4026 Hieronymus,
576 3950 661 4026 episc.
686 3949 822 4022 Stridon,
847 3949 917 4009 Vitae
940 3957 1109 4009 sanctorum
1132 3959 1256 4028 patrum.
1295 3951 1326 4012 S.
1339 3971 1365 4010 a.
1410 3951 1499 4012 1693.

348 4035 552 4111 Hieronymus,
576 4035 662 4112 episc.
682 4035 819 4107 Stridon,
846 4034 916 4095 Vitae
934 4043 1101 4095 sanctorum
1119 4044 1244 4112 patrum.
1281 4038 1370 4098 1185.
1409 4037 1499 4096 1696.

350 4121 553 4197 Hieronymus,
578 4121 664 4197 episc.
684 4121 821 4194 Stridon,
840 4121 911 4180 Vitae
929 4128 1097 4181 sanctorum
1109 4131 1225 4198 patrum
1243 4122 1352 4198 (lingua
1368 4141 1498 4198 german.

393 4206 458 4266 dial.
483 4205 591 4266 Saron.
615 4206 720 4280 infer).
766 4206 795 4267 S.
819 4226 845 4267 a.
894 4207 984 4266 1306.

350 4293 544 4368 Hieronymus
572 4293 609 4351 de
637 4292 709 4352 Villa
736 4291 806 4352 Vitis
835 4293 933 4368 (vulgo
962 4292 1128 4367 Hebdorll),
1163 4292 1329 4352 Orationale
1358 4313 1380 4353 s
1412 4293 1499 4352 Panis

393 4377 577 4454 quotidianus
600 4379 636 4437 de
659 4387 799 4455 tempore.
845 4377 874 4437 S.
898 4398 923 4436 a.
973 4378 1061 4437 1305.

351 4464 436 4541 Hugo
459 4465 495 4522 de
518 4463 549 4523 S.
572 4463 657 4536 Caro,
682 4463 828 4540 Expositio
851 4463 955 4523 missas.
1001 4462 1031 4523 S.
1056 4484 1081 4524 a.
1130 4464 1219 4524 1354.
