3458 5264
337 298 399 362 366
795 312 1020 352 saonmoxnruu.

337 487 402 546 Joh.
424 485 526 546 Herolt
549 485 745 563 (Discipulos),
770 485 937 546 Sermones.
986 485 1076 544 1484.
1125 485 1214 546 1869.

337 573 423 650 Hugo
447 573 483 632 de
505 571 535 632 S.
544 571 666 645 Victore,
690 572 733 631 De
755 571 944 631 sacramentis
967 571 1130 630 christiana
1155 571 1230 630 fidei.
1266 572 1354 630 1485.
1393 573 1483 632 1357.

337 658 502 734 Hystorien‚
526 657 572 717 ein
595 657 822 734 graussemliche
918 675 976 716 von
999 657 1066 716 dem
1090 651 1197 716 wilden
1221 657 1342 716 wtitrich
1363 657 1484 717 Dracole

380 743 490 819 weyde.
540 745 629 804 1500.
675 744 767 802 8561.

337 828 396 889 lac.
421 829 458 888 de
480 828 633 906 Voragine‚
657 828 793 904 Legenda
815 836 993 888 sanctorum.
1043 828 1131 888 1483.
1178 827 1270 887 8518.

336 914 396 975 Jac.
421 915 456 974 de
481 913 632 990 Voragine,
655 915 791 991 Legenda
813 922 990 974 sanctorum.
1041 913 1129 974 1486.
1175 913 1267 972 8514.

337 1000 395 1060 Jac.
419 1001 456 1060 de
479 999 631 1076 Voragine,
656 1000 791 1076 Legenda
813 1008 991 1060 sanctorum.
1040 1000 1129 1060 1490,
1176 998 1268 1059 8519.

336 1085 401 1146 lob.
425 1086 462 1145 de
484 1085 717 1158 Turrecremata‚
741 1085 889 1162 Expositio
912 1104 974 1163 sup.
999 1092 1061 1144 toto
1084 1083 1232 1144 Psalterio.
1267 1085 1356 1146 1485,
1391 1085 1484 1144 8405.

337 1171 402 1232 Joh.
426 1171 462 1230 de
485 1170 715 1244 Turrecremata‚
740 1170 888 1248 Expositio
910 1189 973 1248 sup.
998 1179 1059 1230 toto
1082 1169 1231 1230 Psalterio.
1266 1171 1355 1230 1487.
1391 1171 1482 1230 8406.

337 1257 482 1317 lordanus
504 1257 540 1316 de
563 1256 772 1333 Quedlinburg‚
796 1256 954 1316 Semnones
979 1256 1014 1315 de
1037 1265 1178 1334 tempore.
1227 1256 1316 1316 1483.
1366 1255 1454 1315 1440,

338 1343 477 1402 Martinus
500 1343 665 1417 (polonus),
688 1343 842 1419 Margarita
863 1341 981 1402 decreti.
1031 1341 1120 1401 1486.
1168 1341 1257 1401 1669.

338 1427 478 1488 Martinus
502 1428 665 1504 (Polonus),
689 1427 843 1505 Margarita
865 1421 983 1489 decreti.
1033 1427 1123 1488 1489.
1172 1428 1261 1486 1670.

338 1513 477 1574 Martinus
500 1513 668 1588 (Polonus),
703 1513 861 1574 Sermones
889 1513 926 1572 de
955 1522 1086 1590 tempore
1114 1521 1144 1574 et
1170 1514 1207 1572 de
1229 1511 1345 1574 sanctis.
1396 1511 1484 1572 1484.

339 1684 479 1744 Martinus
502 1685 670 1762 (Polonus),
704 1683 862 1746 Sermones
891 1685 927 1744 de
955 1693 1087 1762 tempore
1116 1692 1145 1744 et
1171 1685 1208 1744 de
1230 1681 1345 1744 sanctis.
1395 1683 1484 1742 1488.

338 1855 460 1916 Michael
483 1856 519 1916 de
542 1854 700 1930 Hungaria,
723 1855 890 1916 Sermones.
939 1856 1028 1916 1490,
1077 1855 1167 1916 1361.

339 1941 475 2001 Nicotaus
509 1941 545 2000 de
577 1941 776 2018 Dynlrelspiel,
810 1941 929 2000 Postilla
961 1960 1030 2001 cum
1058 1940 1242 2001 sermonibus
1271 1939 1487 2016 evangeliorum

382 2026 608 2087 dominicalium.
656 2027 745 2086 1496.
795 2027 885 2086 1769.

340 2112 413 2173 Guil.
437 2112 560 2187 Ocham,
581 2111 755 2184 Quodlibeta
777 2120 889 2190 septem
911 2121 965 2172 etc.
1014 2112 1104 2172 1491.
1154 2112 1243 2172 1801.

314 2203 315 2210 ’
340 2198 509 2272 *Petrarca
528 2197 657 2275 Epistola
674 2199 710 2258 de
727 2197 831 2274 insigni
848 2197 1013 2274 obedientia
1024 2207 1053 2258 et
1064 2197 1121 2257 fide
1133 2196 1271 2257 Griseldis
1284 2194 1485 2272 (germanice).

340 2370 443 2429 Petrus
466 2371 502 2429 de
524 2369 623 2429 Aliaco
640 2370 685 2429 rel
702 2368 824 2446 rilliaco,
845 2367 1026 2440 Questiones
1043 2387 1131 2445 super
1147 2369 1177 2442 l.‚
1201 2368 1244 2428 111.
1263 2375 1292 2428 et
1308 2366 1353 2427 lV.
1373 2373 1487 2426 senten·

383 2455 498 2515 tiarum.
547 2456 636 2515 1490.
685 2455 753 2514 188.

341 2542 416 2602 Petr.
440 2541 476 2601 de
499 2538 687 2614 Crescentis,
722 2539 802 2618 Opus
830 2539 971 2599 ruralium
993 2540 1228 2600 commodorum.
1277 2535 1367 2600 1486.
1414 2537 1484 2596 878.

341 2627 456 2701 (Petrus
481 2627 517 2685 de
539 2626 675 2701 Palude),
710 2625 869 2686 Sermones
897 2625 1040 2685 Thesauri
1068 2624 1136 2686 nori
1163 2625 1200 2684 de
1229 2623 1347 2684 sanctis.
1397 2622 1486 2681 1484.

342 2713 520 2874 (9101113113
550 2797 689 2871 Paluda),
724 2795 882 2856 Sermones
904 2795 1047 2857 Thesauri
1074 2795 1141 2856 nori
1169 2796 1205 2856 de
1233 2794 1349 2856 sanctis,
1397 2794 1487 2854 1485.

343 2884 516 3044 (Peltiig'de
539 2967 678 3042 Paluda),
708 2966 866 3028 Sermones
889 2967 1031 3027 Thesauri
1059 2966 1126 3027 nori
1149 2968 1185 3026 de
1209 2975 1348 3043 tempore.
1398 2966 1487 3025 1484.

255 3051 264 3066 “
389 3055 478 3115 1849.

342 3139 463 3200 *Helias
491 3137 667 3216 Regnierus,
703 3138 795 3199 Casus
825 3138 904 3216 longi
937 3137 1017 3199 Sexti
1047 3145 1077 3198 et
1104 3137 1363 3199 Clementinarum.
1408 3135 1438 3196 S.
1461 3156 1487 3197 a.

342 3312 440 3372 Helias
468 3309 643 3387 RegnieruS,
679 3309 771 3370 casus
804 3310 883 3386 longi
915 3309 995 3369 Sexti
1029 3318 1057 3369 et
1090 3308 1348 3370 Clementinarum.
1397 3309 1488 3368 1496.

344 3484 419 3558 (loh.
443 3481 642 3556 Reuchlinus),
666 3479 872 3540 Vocabularius
895 3480 1080 3557 breviloquus
1102 3488 1156 3541 etc.
1206 3481 1295 3540 1489.
1341 3480 1435 3540 8083.

343 3569 419 3644 (Joh.
442 3566 642 3641 Reucblinus),
667 3566 873 3626 Vocabularius
896 3565 1081 3642 breviloquus
1104 3575 1157 3627 etc.
1206 3567 1296 3627 1493.
1342 3565 1434 3626 8084.

343 3654 509 3715 Alexander
531 3653 662 3729 Magnus,
687 3651 822 3712 Historia.
872 3653 961 3712 1489,
1011 3652 1079 3712 180.

343 3740 510 3801 Alexander
532 3739 663 3815 Magnus,
687 3737 821 3797 Historia.
871 3739 960 3800 1494.
1011 3739 1079 3797 181.

343 3823 436 3887 Biblia
458 3824 547 3884 latina
569 3843 593 3885 c.
617 3822 738 3902 postillis
760 3823 822 3883 Nic.
846 3824 882 3882 de
904 3823 987 3899 Lyra.
1032 3825 1065 3883 P.
1088 3822 1187 3883 t-tv.
1237 3823 1325 3883 1498,
1372 3823 1443 3882 509.

343 3911 435 3972 Biblia
456 3910 553 3970 latina.
601 3909 690 3969 1497.
736 3909 807 3969 504.

344 3997 460 4058 *Casus
482 3996 511 4055 in
534 3995 663 4055 terminis
686 4013 774 4071 super
795 3992 940 4054 institutis.
985 3994 1013 4055 S.
1038 4015 1063 4054 a.
1111 3996 1181 4054 715.

344 4084 437 4144 Casus
459 4080 610 4142 summarii
632 4080 827 4140 Decretalium
844 4079 923 4140 Sexti
947 4088 975 4140 et
998 4080 1254 4140 Clementinarum.
1293 4080 1382 4141 1485.
1419 4079 1489 4138 717.

345 4168 491 4230 Chronica
518 4186 576 4227 ron
604 4167 678 4226 allen
706 4165 836 4240 Kdnigen
865 4167 925 4225 und
952 4166 1073 4226 Kaisern
1096 4185 1153 4225 von
1175 4166 1291 4242 Antang
1320 4166 1411 4226 Roms
1433 4172 1488 4225 etc.

387 4253 416 4315 S.
440 4274 466 4314 a.
491 4254 529 4327 (c.
556 4253 658 4325 1500).
707 4253 776 4312 748.

345 4341 462 4401 Corona
484 4339 576 4398 beatae
598 4337 714 4415 virginis
737 4338 843 4397 Mariae.
891 4337 980 4397 1493,
1027 4339 1097 4398 869.

344 4427 429 4486 Liber
451 4443 548 4503 apum.
580 4423 609 4484 S.
623 4444 648 4484 a.
673 4430 710 4496 tc.
739 4425 840 4497 1477).
876 4423 940 4483 Vel:
965 4423 1105 4495 Coloniae,
1127 4423 1192 4483 Joh.
1211 4423 1353 4483 Koelholl.
1398 4423 1489 4484 1541.
