3400 5248
642 387 747 434 recino.
760 388 868 428 morans
882 389 923 426 oa.
1316 370 1356 436 27

395 557 459 609 line:
477 559 706 624 telligentibusque
728 561 891 611 auditoribus
909 561 979 612 stilis
996 599 1001 610 .
1021 563 1098 612 cuius
1117 560 1264 624 exemplum
1287 566 1358 624 patet

396 630 422 678 in
441 627 463 693 li
481 629 574 680 arbore
592 668 598 679 .
616 633 645 680 vt
662 633 740 681 etiam
759 633 882 694 superius
900 635 999 681 tactum
1016 635 1057 682 est
1075 631 1094 690 ii

361 712 590 752 mmmm

207 797 475 872 203AQU1N0,
510 798 644 861 Thomas
674 801 723 862 de.
769 801 817 862 De
845 820 916 861 esse
947 808 980 862 et
1007 799 1155 862 essentia.
1202 799 1355 874 venetiis,

292 883 364 945 Joh.
395 884 534 947 Lucilius
565 884 723 948 Santritor
767 885 967 970 (Santritter)
1007 893 1039 948 et
1077 886 1282 966 Hieronymus
1318 886 1355 947 de

294 969 432 1046 Sanctis,
458 972 551 1047 1488,
574 972 605 1032 in
628 971 677 1036 4⁰.

361 1074 415 1112 iiain
430 1075 487 1119 isca,
501 1077 539 1112 aed
553 1077 568 1113 1.
575 1075 631 1113 dia:
647 1076 761 1120 sarnitan
776 1075 984 1114 munificentissimis.

206 1157 269 1222 204
301 1195 343 1219 -.
389 1160 557 1222 Tractatns
586 1179 698 1222 aurens
727 1162 764 1222 de
789 1169 859 1222 ente
884 1169 916 1222 et
938 1160 1077 1222 essentia
1099 1158 1139 1242 (c.
1164 1159 1352 1222 tractatibus

293 1243 426 1306 Gerordi
439 1246 476 1307 de
489 1245 619 1329 Monte).
642 1245 702 1309 si.
716 1245 981 1328 (Coloniae,Henr.
990 1243 1150 1327 Queotell)
1163 1245 1189 1306 la
1200 1265 1229 1306 a.
1255 1245 1312 1308 Ch.
1326 1265 1353 1326 g.

293 1351 319 1392 c.
336 1350 361 1392 s.
376 1331 448 1410 maj.
463 1339 494 1393 et
510 1332 744 1398 mium-6211.
763 1333 803 1397 37
817 1332 848 1392 ff.
868 1352 949 1394 nuru.
963 1333 983 1398 8
995 1332 1026 1394 ii.
1046 1351 1071 1392 s.
1086 1352 1114 1392 n.
1128 1331 1148 1396 2
1161 1330 1231 1392 coll.
1255 1331 1286 1392 in
1298 1331 1353 1393 F⁰.

361 1433 449 1487 i.1a:
476 1435 496 1484 ti
514 1437 651 1487 Tractsius
674 1450 771 1487 aureus
796 1440 879 1488 sancii
897 1437 996 1486 Thomu
1014 1437 1096 1499 Aqui·
1113 1435 1136 1498 ll
1154 1437 1223 1486 natis
1240 1435 1271 1484 de
1296 1441 1354 1485 aute

394 1510 417 1554 et
440 1508 554 1556 essentis
578 1518 624 1555 seu
651 1505 683 1555 de
706 1505 893 1568 quidditatihne
915 1519 1002 1555 rernm
1025 1505 1047 1566 il
1070 1505 1219 1555 intitulatus
1244 1502 1313 1568 [etc]
1332 1503 1354 1566 11

394 1572 419 1622 i.
430 1571 464 1625 27
473 1588 496 1632 a,
511 1573 559 1624 col.
569 1575 595 1625 1:
606 1575 628 1638 ll
642 1574 833 1625 commentatio
848 1574 1005 1624 venerahilis
1021 1576 1166 1624 ririartium
1179 1575 1262 1636 magi·
1273 1571 1295 1634 ll
1307 1575 1354 1622 stri

394 1655 496 1693 necnon
517 1656 590 1693 sacre
609 1643 739 1705 theologie
757 1644 913 1708 proiessoris
933 1645 1019 1706 ssimi]
1036 1643 1058 1705 il
1074 1641 1200 1692 Gerhardi
1219 1642 1250 1691 da
1270 1642 1355 1692 iionte

393 1724 408 1760 a
427 1724 479 1774 quo
498 1711 707 1762 famosissimum
722 1715 774 1775 giur
785 1711 807 1775 li
818 1715 921 1762 nasium
939 1712 1005 1776 quod
1024 1711 1133 1761 hnrsarn
1152 1711 1247 1761 dicatis
1265 1710 1354 1774 appel·

393 1779 450 1830 lant
460 1793 535 1830 suam
545 1783 630 1844 prime
641 1779 664 1844 ll
674 1793 735 1830 uam
747 1785 862 1845 sumpsit
876 1781 1113 1832 denominationem
1124 1819 1129 1830 .
1140 1782 1207 1830 mira
1217 1780 1355 1829 verborum

395 1848 457 1898 oleri
476 1847 499 1911 il
517 1853 569 1900 tate
591 1857 614 1898 et
633 1853 815 1900 sententiarum
833 1849 996 1900 sublimitate
1018 1849 1151 1912 compilata
1172 1888 1176 1897 .
1196 1851 1266 1899 circa
1288 1861 1353 1898 com-

393 1917 517 1979 pendium
535 1916 557 1980 ll
576 1919 642 1980 quod
666 1918 748 1968 edidit
775 1925 883 1970 sancius
908 1919 1021 1969 Thomas
1047 1919 1078 1969 ds
1101 1920 1204 1981 Aquino
1223 1955 1228 1966 .
1247 1919 1313 1966 insi·
1332 1915 1354 1978 ll

394 1987 453 2048 gnis
472 1987 658 2050 peripathetice
677 1990 793 2037 veritatis
813 1987 999 2051 interpres.‹ie
1019 2000 1087 2036 essen
1103 1986 1125 2049 ll
1143 1989 1186 2048 tiis
1205 1990 1231 2036 et
1248 1985 1354 2049 quiddi·

394 2054 490 2104 tatibus
508 2068 594 2105 rerum
613 2057 751 2106 sectandum
771 2063 823 2107 tres
842 2057 936 2120 gradun
954 2057 1055 2105 entium
1073 2055 1095 2116 11
1114 2056 1266 2118 Sequuntur
1285 2053 1354 2104 tituli

394 2126 562 2186 questionum
576 2131 599 2174 et
612 2124 768 2175 notabilium
781 2125 840 2188 prin
852 2125 874 2188 11
883 2125 1038 2188 cipaiiorum
1049 2123 1098 2188 [oio
1109 2121 1117 2187 i
1130 2122 1353 2186 stanihursti:

394 2193 530 2242 Tractatus
550 2192 656 2244 Gerardi
680 2193 712 2244 do
734 2195 819 2244 ldooie
843 2196 938 2244 artium
955 2200 979 2242 et
996 2207 1026 2242 sa
1044 2192 1066 2255 ll
1084 2205 1127 2242 ore
1145 2192 1275 2254 theologie
1293 2205 1353 2254 nro·

393 2260 501 2312 leesoria
521 2264 614 2324 eximii.
636 2260 704 2326 [etc]
724 2263 745 2325 i!
765 2263 789 2312 F.
801 2262 870 2316 3821:
899 2263 918 2311 (i
938 2261 1104 2326 ipoiogetiea
1123 2263 1179 2312 sine
1198 2263 1353 2323 responsiua

394 2331 534 2380 venerandi
559 2344 601 2380 ma
619 2330 642 2393 il
659 2333 732 2393 gistri
753 2331 860 2382 Gerardi
884 2331 915 2380 de
938 2331 1023 2381 lionis
1046 2333 1142 2380 artium
1160 2336 1183 2379 ei
1202 2342 1275 2380 sacre
1294 2329 1354 2379 theo

392 2398 415 2460 ll
429 2399 496 2462 ioqie
514 2399 670 2463 professoris
689 2403 782 2462 eximii.
803 2399 871 2465 [etc]
882 2399 904 2462 li
914 2399 938 2450 F.
949 2399 984 2452 tn
993 2399 1017 2458 b,
1028 2399 1076 2450 col.
1088 2399 1116 2450 2:
1137 2397 1292 2461 Epitaphion
1304 2398 1354 2447 Ge-

392 2468 462 2518 rardi
480 2469 512 2518 de
531 2469 615 2519 ilonte
635 2467 703 2534 [etc]

359 2553 400 2590 eir.
414 2553 466 2590 lialn
480 2551 575 2592 iaco-i.

205 2635 269 2701 205
294 2673 343 2698 -.
379 2637 426 2699 De
451 2638 541 2700 rncdo
565 2639 731 2700 confitendi
754 2646 787 2700 et
809 2639 846 2700 de
871 2636 1006 2718 puritate
1031 2637 1239 2699 conscientie.
1275 2635 1307 2698 S.
1332 2635 1352 2698 i.

290 2721 559 2874 gldoganiihzloh.
584 2726 621 2785 de
644 2723 878 2806 Westphelia?)
901 2726 928 2786 ln
951 2743 979 2784 a.
1026 2723 1082 2786 Oh.
1107 2743 1136 2803 g.
1162 2744 1186 2784 s.
1211 2743 1236 2784 s.
1260 2722 1352 2788 2311.

359 2912 435 2965 F.la
455 2911 529 2978 [vani
549 2911 627 2965 iio
648 2911 717 2978 [Tah.
737 2912 820 2977 capo]
864 2913 986 2964 Oniessio
1005 2913 1078 2962 dehet
1100 2925 1153 2962 esse
1176 2925 1242 2976 pure
1260 2919 1283 2962 et
1301 2925 1354 2962 uon

394 2982 567 3044 sapandus.
586 2980 609 3044 ll
628 2981 715 3034 Rha:
744 2981 838 3046 incipit
857 2982 970 3033 Libellus
988 2982 1098 3043 Magistri
1117 2982 1180 3030 Tho.
1195 2980 1232 3031 lio
1250 2982 1353 3043 Aquino

392 3051 415 3113 ii
429 3050 464 3100 lie
482 3053 559 3101 modo
576 3050 712 3101 confitendi
731 3059 753 3101 ei
771 3051 803 3101 de
821 3054 934 3114 puritate
952 3051 1119 3101 Conscientiae
1129 3049 1151 3111 l!
1163 3049 1231 3103 830
1242 3063 1264 3106 a,
1281 3051 1297 3098 i.
1309 3049 1352 3102 13:

394 3119 505 3182 Explicit
519 3119 632 3169 Libellus
642 3121 754 3182 Magistri
769 3120 865 3170 Thome
875 3119 897 3182 li
908 3120 942 3170 lie
952 3121 1055 3182 Aquino
1073 3120 1105 3168 do
1124 3121 1199 3168 ruodo
1217 3118 1351 3168 confitendi

394 3187 425 3238 Et
442 3187 464 3250 li
483 3187 519 3238 lie
538 3189 652 3238 Puritate
670 3189 845 3240 Conscientie.
864 3186 886 3250 11

359 3272 399 3310 cir.
413 3273 467 3311 iiain
483 3273 551 3311 inito
566 3273 586 3312 in
600 3274 714 3311 Addeudia.
741 3274 781 3312 Gir.
795 3273 906 3322 Camphell
922 3273 976 3311 1663.
990 3293 1015 3299 -
1030 3271 1082 3309 Reti
1095 3271 1160 3320 israe.)
1174 3273 1242 3310 deest.

206 3357 267 3422 206
294 3391 340 3416 -.
375 3357 541 3420 ihactaius
560 3359 705 3420 demodo
725 3357 890 3420 confitendi
911 3365 971 3419 etc.
1007 3356 1041 3419 S.
1056 3357 1075 3418 i.
1097 3357 1169 3418 dra.
1189 3355 1236 3438 (ot
1267 3355 1351 3417 Aut-

290 3443 421 3522 werpiae‚
446 3443 544 3505 Math.
569 3463 629 3505 vau
653 3444 708 3505 der
731 3444 827 3520 (ἔθεε,
852 3463 878 3506 c.
906 3443 1011 3526 1486),
1035 3442 1066 3505 in
1089 3441 1139 3508 4⁰.

205 3613 267 3678 207
292 3649 341 3674 -.
358 3546 636 3694 calllgleqlellllctione
660 3625 762 3677 status
786 3612 968 3694 spiritualis.
1002 3614 1036 3678 S.
1050 3613 1071 3676 i.
1097 3612 1259 3696 (Coloniae,
1273 3613 1350 3676 Arn.

291 3699 373 3762 Ther
396 3701 578 3784 Hoernenl)
602 3702 682 3776 lta,
706 3701 736 3763 in
760 3702 809 3765 4⁰.

205 3873 267 3936 208
291 3805 626 3952 -.ffllle1³lqluidditate
655 3880 687 3934 et
715 3871 856 3933 efficacia
884 3869 1098 3946 eucharistie,
1134 3890 1202 3933 curu
1230 3868 1351 3932 Nicolai

291 3959 329 4019 de
362 3957 446 4036 Lyre
476 3957 569 4020 dictis
604 3959 641 4019 de
677 3968 872 4020 sacramento
907 3967 939 4019 et
972 3956 1166 4036 expositione
1201 3955 1351 4018 orationis

291 4042 462 4104 dominicae.
499 4042 532 4105 S.
546 4043 566 4105 l.
591 4044 783 4128 (Mogontiae,
807 4045 919 4105 Petrus
943 4043 1165 4125 Friedherg)&
1182 4062 1223 4117 e.,
1247 4041 1279 4102 in
1300 4040 1350 4106 4⁰.

358 4145 413 4184 Haiu
427 4145 483 4186 tais.

204 4215 267 4280 209
292 4251 331 4260 -
356 4249 407 4274 -.
443 4213 477 4276 S.
496 4212 517 4274 i.
542 4214 733 4294 (Mogontiae,
753 4200 870 4276 l'etrus
893 4213 1074 4297 Friedberg)
1097 4215 1123 4276 do
1145 4234 1187 4289 a.,
1209 4213 1240 4274 in
1263 4211 1313 4279 4⁰.

358 4317 413 4356 Helii
427 4316 484 4356 isse.

204 4387 267 4452 210
290 4422 328 4431 -
354 4421 405 4447 -.
442 4383 475 4447 S.
489 4384 510 4447 i.
535 4384 697 4469 (Coloniae,
720 4385 861 4446 Bar-thol.
886 4386 923 4447 de
948 4385 1082 4469 Unckel)
1104 4386 1131 4447 da
1153 4403 1194 4458 e.,
1218 4383 1248 4445 in
1271 4383 1321 4448 4⁰.
1370 4333 1375 4340 ι

358 4487 622 4528 Ηι1111111.011ηο1εηι
635 4488 700 4527 iidem
714 4491 763 4526 aaut
776 4491 839 4536 cique
849 4489 871 4534 ii.
886 4489 955 4537 quiin
969 4489 1023 4528 libro
1038 4489 1147 4528 ncordiaie
1163 4487 1208 4525 ains
1222 4487 1284 4525 Liber
1298 4497 1350 4536 qua·

384 4543 431 4579 inor
444 4540 624 4585 novissimorum·
637 4540 742 4589 impresso
753 4550 791 4590 per
802 4541 895 4580 Barthol.
908 4541 933 4580 de
946 4542 1034 4586 Unckel,
1046 4540 1209 4591 conspiciantur.
1221 4539 1275 4577 llain
1283 4537 1341 4578 11108.
